<record><leader>00000cas a2200000 i 4500</leader><controlfield tag="001">875914488</controlfield><controlfield tag="006">m     o  d        </controlfield><controlfield tag="007">cr |||||||||||</controlfield><controlfield tag="008">140407d1952197uncumr neo     0    0eng c</controlfield><datafield ind1=" " ind2=" " tag="010"><subfield code="a">  2014236862</subfield></datafield><datafield ind1=" " ind2=" " tag="040"><subfield code="a">NOC</subfield><subfield code="b">eng</subfield><subfield code="e">rda</subfield><subfield code="e">pn</subfield><subfield code="c">NOC</subfield><subfield code="d">OCLCO</subfield><subfield code="d">OCLCF</subfield></datafield><datafield ind1=" " ind2=" " tag="042"><subfield code="a">pcc</subfield></datafield><datafield ind1=" " ind2=" " tag="043"><subfield code="a">n-us-nc</subfield></datafield><datafield ind1="2" ind2=" " tag="110"><subfield code="a">Firestone Textiles (Gastonia, N.C.),</subfield><subfield code="e">author.</subfield></datafield><datafield ind1="1" ind2="0" tag="245"><subfield code="a">Firestone news.</subfield></datafield><datafield ind1=" " ind2="1" tag="264"><subfield code="a">Gastonia, N.C. :</subfield><subfield code="b">Firestone Textiles, a division of the Firestone Tire &amp; Rubber Company, Department of Industrial Relations,</subfield><subfield code="c">[1952]-</subfield></datafield><datafield ind1=" " ind2=" " tag="300"><subfield code="a">1 online resource :</subfield><subfield code="b">illustrations</subfield></datafield><datafield ind1=" " ind2=" " tag="310"><subfield code="a">Monthly,</subfield><subfield code="b">October 1955-</subfield></datafield><datafield ind1=" " ind2=" " tag="321"><subfield code="a">Frequency varies,</subfield><subfield code="b">1952-August 1955</subfield></datafield><datafield ind1=" " ind2=" " tag="336"><subfield code="a">text</subfield><subfield code="b">txt</subfield><subfield code="2">rdacontent</subfield></datafield><datafield ind1=" " ind2=" " tag="337"><subfield code="a">computer</subfield><subfield code="b">c</subfield><subfield code="2">rdamedia</subfield></datafield><datafield ind1=" " ind2=" " tag="338"><subfield code="a">online resource</subfield><subfield code="b">cr</subfield><subfield code="2">rdacarrier</subfield></datafield><datafield ind1="1" ind2=" " tag="362"><subfield code="a">Began with volume I, no. 1 (May 5, 1952).</subfield></datafield><datafield ind1=" " ind2=" " tag="588"><subfield code="a">Description based on: Volume I, no. 1 (May 5, 1952); title from caption.</subfield></datafield><datafield ind1=" " ind2=" " tag="588"><subfield code="a">Latest issue consulted: Volume XX, number 9 (September 1971).</subfield></datafield><datafield ind1="2" ind2="0" tag="610"><subfield code="a">Firestone Textiles (Gastonia, N.C.)</subfield><subfield code="v">Periodicals.</subfield></datafield><datafield ind1=" " ind2="0" tag="650"><subfield code="a">Textile industry</subfield><subfield code="z">North Carolina</subfield><subfield code="z">Gastonia</subfield><subfield code="v">Periodicals.</subfield></datafield><datafield ind1=" " ind2="0" tag="651"><subfield code="a">Gastonia (N.C.)</subfield><subfield code="v">Periodicals.</subfield></datafield><datafield ind1=" " ind2="7" tag="655"><subfield code="a">Periodicals.</subfield><subfield code="2">fast</subfield><subfield code="0">(OCoLC)fst01411641</subfield></datafield><datafield ind1="2" ind2="7" tag="610"><subfield code="a">Firestone Textiles (Gastonia, N.C.)</subfield><subfield code="2">fast</subfield><subfield code="0">(OCoLC)fst00782655</subfield></datafield><datafield ind1=" " ind2="7" tag="650"><subfield code="a">Textile industry.</subfield><subfield code="2">fast</subfield><subfield code="0">(OCoLC)fst01148828</subfield></datafield><datafield ind1=" " ind2="7" tag="651"><subfield code="a">North Carolina</subfield><subfield code="z">Gastonia.</subfield><subfield code="2">fast</subfield><subfield code="0">(OCoLC)fst01206095</subfield></datafield><datafield ind1=" " ind2=" " tag="752"><subfield code="a">United States</subfield><subfield code="b">North Carolina</subfield><subfield code="c">Gaston</subfield><subfield code="d">Gastonia.</subfield></datafield><datafield ind1="0" ind2="8" tag="776"><subfield code="i">Electronic reproduction of (manifestation):</subfield><subfield code="t">Firestone news</subfield><subfield code="w">(OCoLC)52717025</subfield></datafield><datafield ind1="4" ind2="0" tag="856"><subfield code="u">http://www.digitalnc.org/newspapers/firestone-news-gastonia-n-c/</subfield></datafield></record>